<record><leader>00000cas a2200000 a 4500</leader><controlfield tag="001">22329062</controlfield><controlfield tag="008">900904d18571858iluwr ne      0   a0eng c</controlfield><datafield ind1=" " ind2=" " tag="010"><subfield code="a">sn 90053065 </subfield></datafield><datafield ind1=" " ind2=" " tag="040"><subfield code="a">NVF</subfield><subfield code="b">eng</subfield><subfield code="c">NVF</subfield><subfield code="d">OCL</subfield><subfield code="d">NVF</subfield><subfield code="d">OCL</subfield><subfield code="d">NVF</subfield><subfield code="d">OCLCQ</subfield><subfield code="d">NVF</subfield><subfield code="d">OCLCF</subfield><subfield code="d">OCLCO</subfield></datafield><datafield ind1=" " ind2=" " tag="019"><subfield code="a">16003365</subfield></datafield><datafield ind1="1" ind2=" " tag="029"><subfield code="a">AU@</subfield><subfield code="b">000020224942</subfield></datafield><datafield ind1=" " ind2=" " tag="042"><subfield code="a">pcc</subfield></datafield><datafield ind1=" " ind2=" " tag="043"><subfield code="a">n-us-il</subfield></datafield><datafield ind1="0" ind2="0" tag="245"><subfield code="a">Chicago weekly press.</subfield></datafield><datafield ind1=" " ind2=" " tag="260"><subfield code="a">Chicago [Ill.] :</subfield><subfield code="b">Scripps, Bross &amp; Spears,</subfield><subfield code="c">1857-1858.</subfield></datafield><datafield ind1=" " ind2=" " tag="300"><subfield code="a">v.</subfield></datafield><datafield ind1=" " ind2=" " tag="310"><subfield code="a">Weekly</subfield></datafield><datafield ind1="0" ind2=" " tag="362"><subfield code="a">Vol. 5, no. 39 (June 27, 1857)-v. 6, no. 44 (July 3, 1858).</subfield></datafield><datafield ind1=" " ind2=" " tag="515"><subfield code="a">Continues the numbering of Chicago weekly Democratic press.</subfield></datafield><datafield ind1=" " ind2=" " tag="580"><subfield code="a">Triweekly ed.: Chicago press, 1857-&lt;&gt;.</subfield></datafield><datafield ind1=" " ind2=" " tag="580"><subfield code="a">Merged with: Chicago weekly tribune (Chicago, Ill. : 1851), to form: Weekly Chicago press and tribune.</subfield></datafield><datafield ind1=" " ind2="0" tag="651"><subfield code="a">Chicago (Ill.)</subfield><subfield code="v">Newspapers.</subfield></datafield><datafield ind1=" " ind2="7" tag="655"><subfield code="a">Newspapers.</subfield><subfield code="2">fast</subfield><subfield code="0">(OCoLC)fst01423814</subfield></datafield><datafield ind1=" " ind2="7" tag="651"><subfield code="a">Illinois</subfield><subfield code="z">Chicago.</subfield><subfield code="2">fast</subfield><subfield code="0">(OCoLC)fst01204048</subfield></datafield><datafield ind1=" " ind2=" " tag="752"><subfield code="a">United States</subfield><subfield code="b">Illinois</subfield><subfield code="c">Cook</subfield><subfield code="d">Chicago.</subfield></datafield><datafield ind1="0" ind2=" " tag="775"><subfield code="t">Chicago daily press (Chicago, Ill. : 1857)</subfield><subfield code="w">(DLC)sn 84024106</subfield><subfield code="w">(OCoLC)10511373</subfield></datafield><datafield ind1="1" ind2=" " tag="775"><subfield code="t">Chicago press</subfield><subfield code="w">(DLC)sn 84038730</subfield><subfield code="w">(OCoLC)34793984</subfield></datafield><datafield ind1="0" ind2="0" tag="780"><subfield code="t">Chicago weekly Democratic press</subfield><subfield code="w">(DLC)sn 90053064</subfield><subfield code="w">(OCoLC)22328800</subfield></datafield><datafield ind1="1" ind2="7" tag="785"><subfield code="t">Chicago weekly tribune (Chicago, Ill. : 1851)</subfield><subfield code="w">(DLC)sn 84038731</subfield><subfield code="w">(OCoLC)11482724</subfield></datafield><datafield ind1="1" ind2="7" tag="785"><subfield code="t">Weekly Chicago press and tribune</subfield><subfield code="w">(DLC)sn 87090501</subfield><subfield code="w">(OCoLC)16016581</subfield></datafield></record>